@Article{WoottersZurek1982,
	AUTHOR = 			{Wootters, William K. and Zurek, Wojciech H.},
	DOI = 				{10.1038/299802a0},
	JOURNAL = 			{Nature},
	PAGES = 			{802--803},
	TITLE = 			{A single quantum cannot be cloned},
	VOLUME = 			{299},
	YEAR = 				{1982}
}
@Article{Abramsky1993,
	AUTHOR = 			{Abramsky, Samson},
	DOI = 				{10.1016/0304-3975(93)90181-R},
	ISSN = 				{0304-3975},
	JOURNAL = 			{Theoretical Computer Science},
	NUMBER = 			{1},
	PAGES = 			{3--57},
	TITLE = 			{Computational interpretations of linear logic},
	VOLUME = 			{111},
	YEAR = 				{1993}
}

@InProceedings{AltenkirchGrattage2005,
	ADDRESS = 			{Washington, DC, USA},
	AUTHOR = 			{
							Altenkirch, Thorsten and 
							Grattage, Jonathan
						},
	BOOKTITLE = 		{Proceedings of the 20th Annual IEEE Symposium on Logic in Computer Science},
	DOI = 				{10.1109/LICS.2005.1},
	ISBN = 				{0-7695-2266-1},
	NUMPAGES = 			{10},
	PAGES = 			{249--258},
	PUBLISHER = 		{IEEE Computer Society},
	SERIES = 			{LICS '05},
	TITLE = 			{A Functional Quantum Programming Language},
	YEAR = 				{2005}
}

@Article{ArrighiDiazcaro2012,
	AUTHOR = 			{
							Arrighi, Pablo and 
							Diaz-Caro, Alejandro
						},
	DOI = 				{10.2168/LMCS-8(1:11)2012},
	JOURNAL = 			{{Logical Methods in Computer Science}},
	MONTH = 			{02},
	TITLE = 			{{A System F accounting for scalars}},
	VOLUME = 			{{Vol. 8, Issue 1}},
	YEAR = 				{2012}
}

@Article{ArrighiDiazcaroValiron2017,
	AUTHOR = 			{
							Arrighi, Pablo and 
							Díaz-Caro, Alejandro and 
							Valiron, Benoît
						},
	DOI = 				{10.1016/j.ic.2017.04.001},
	ISSN = 				{0890-5401},
	JOURNAL = 			{Information and Computation},
	MONTH = 			{06},
	PAGES = 			{105--139},
	TITLE = 			{The vectorial \(\lambda\)-calculus},
	VOLUME = 			{254},
	YEAR = 				{2017}
}

@Article{ArrighiDowek2017,
	AUTHOR = 			{	
							Arrighi, Pablo and 
							Dowek, Gilles
						},
	DOI = 				{10.23638/LMCS-13(1:8)2017},
	JOURNAL = 			{{Logical Methods in Computer Science}},
	MONTH = 			{03},
	TITLE = 			{{Lineal: A linear-algebraic Lambda-calculus}},
	VOLUME = 			{{Vol. 13, Issue 1}},
	YEAR = 				{2017}
}

@Article{AssafEtAl2014,
	AUTHOR = 			{
							Assaf, Ali and 
							Díaz-Caro, Alejandro and 
							Perdrix, Simon and 
							Tasson, Christine and 
							Valiron, Benoît
						},
	DOI = 				{10.2168/LMCS-10(4:8)2014},
	JOURNAL = 			{{Logical Methods in Computer Science}},
	MONTH = 			{12},
	TITLE = 			{{Call-by-value, call-by-name and the vectorial behaviour of the algebraic lambda-calculus}},
	VOLUME = 			{{Vol. 10, Issue 4}},
	YEAR = 				{2014}
}

@Article{Church1936,
	AUTHOR =        	{Church, Alonzo},
	DOI = 			{10.2307/2268571},
	ISSN =          	{00029327, 10806377},
	JOURNAL =       	{American Journal of Mathematics},
	NUMBER =        	{2},
	PAGES =         	{345--363},
	PUBLISHER =     	{Johns Hopkins University Press},
	TITLE =         	{An Unsolvable Problem of Elementary Number Theory},
	URL =           	{http://www.jstor.org/stable/2371045},
	VOLUME =        	{58},
	YEAR =          	{1936}
}

@Article{Church1940,
	AUTHOR = 			{Church, Alonzo},
	DOI = 				{10.2307/2266170}, 
	JOURNAL = 			{Journal of Symbolic Logic},
	NUMBER = 			{2}, 
	PAGES = 			{56--68},
	PUBLISHER = 		{Cambridge University Press}, 
	TITLE = 			{A formulation of the simple theory of types}, 
	VOLUME = 			{5}, 
	YEAR = 				{1940}
}

@Article{Davis1990,
	AUTHOR = 			{Davis, Martin},
	DOI = 				{10.2307/2274986},
	ISSN = 				{00224812},
	JOURNAL = 			{Journal of Symbolic Logic},
	NUMBER = 			{1},
	PAGES = 			{347},
	PUBLISHER = 		{Association for Symbolic Logic},
	REVIEWED-AUTHOR = 	{
							Kurt Gödel and
							Stephen C. Kleene
						},
	TITLE = 			{On Undecidable Propositions of Formal Mathematical Systems},
	URL = 				{http://www.jstor.org/stable/2274986},
	VOLUME = 			{55},
	YEAR = 				{1990}
}

@Article{DiazcaroDowekRinaldi2019,
	AUTHOR =			{
							Díaz-Caro, Alejandro and
							Dowek, Gilles and
							Rinaldi, Juan Pablo
						},
	DOI = 				{10.1016/j.biosystems.2019.104012},
	ISSN =				{0303-2647},
	JOURNAL =			{BioSystems},
	NOTE =				{Selected papers from the International Conference on the Theory and Practice of Natural Computing 2017},
	PAGES =				{104012},
	TITLE =				{Two linearities for quantum computing in the lambda calculus},
	VOLUME =			{186},
	YEAR =				{2019}
}

@InProceedings{DiazcaroEtAl2019,
	AUTHOR =			{
							Díaz-Caro, Alejandro and
							Guillermo, Mauricio and
							Miquel, Alexandre and
							Valiron, Benoît
						},
	DOI = 				{10.1109/LICS.2019.8785834},
	BOOKTITLE =			{Proceedings of the 34th Annual ACM/IEEE Symposium on Logic in Computer Science (LICS 2019)},
	PAGES =				{1--13},
	TITLE =				{Realizability in the Unitary Sphere},
	YEAR =				{2019}
}

@Article{DiazcaroMalherbe2024,
	AUTHOR =			{
							Díaz-Caro, Alejandro and
							Malherbe, Octavio
						},
	DOI = 				{10.1017/S0960129523000361},
	JOURNAL =			{Mathematical Structures in Computer Science},
	NUMBER = 			{1},
	PAGES =				{1--44},
	TITLE =				{A concrete model for a typed linear algebraic lambda calculus},
	VOLUME =			{34},
	YEAR =				{2023}
}

@Article{DiazcaroMalherbe2020,
	AUTHOR = 			{
							Díaz-Caro, Alejandro and 
							Malherbe, Octavio
						},
	DAY = 				{01},
	DOI =				{10.1007/s10485-020-09598-7},
	ISSN =				{1572-9095},
	JOURNAL = 			{Applied Categorical Structures},
	MONTH = 			{10},
	NUMBER = 			{5},
	PAGES = 			{807--844},
	TITLE = 			{A Categorical Construction for the Computational Definition of Vector Spaces},
	VOLUME = 			{28},
	YEAR = 				{2020}
}

@Article{DiazcaroMalherbe2022,
	AUTHOR =			{
							Díaz-Caro, Alejandro and
							Malherbe, Octavio
						},
	DOI = 				{10.46298/lmcs-18(3:32)2022},
	JOURNAL =			{Logical Methods in Computer Science},
	NUMBER =			{3:32},
	TITLE =				{Quantum Control in the Unitary Sphere: Lambda-\(S_1\) and its Categorical Model},
	VOLUME =			{18},
	YEAR =				{2022}
}

@Article{DiazcaroMartinez2018,
	AUTHOR =			{
							Díaz-Caro, Alejandro and
							Martínez, Guido
						},
	DOI =				{10.1016/j.entcs.2018.10.008},
	ISSN =				{1571-0661},
	JOURNAL =			{Electronic Notes in Theoretical Computer Science},
	MONTH =				{10}, 
	PAGES =				{115--131},
	PUBLISHER =			{Elsevier BV},
	TITLE =				{Confluence in Probabilistic Rewriting},
	VOLUME =			{338},
	YEAR =				{2018}
}

@Article{DiazcaroPetit2010,
	AUTHOR = 			{
							Díaz-Caro, Alejandro and 
							Petit, Barbara
						},
	JOURNAL = 			{ArXiv},
	NOTE =				{Consulta: 31 agosto 2024},
	TITLE = 			{Sums in linear algebraic lambda-calculus},
	URL = 				{https://api.semanticscholar.org/CorpusID:43105639},
	VOLUME = 			{abs/1011.3542},
	YEAR = 				{2010}
}

@Article{Feynman1982,
	AUTHOR = 			{Feynman, Richard P.},
	DOI = 				{10.1007/BF02650179},
	JOURNAL = 			{Int. J. Theor. Phys.},
	NOTE = 				{[,923(1981)]},
	PAGES = 			{467--488},
	TITLE = 			{{Simulating physics with computers}},
	VOLUME = 			{21},
	YEAR = 				{1982}
}

@InProceedings{Girard1972,
	AUTHOR = 			{Girard, Jean-Yves},
	BOOKTITLE = 		{PhD thesis, Université Paris VII},
	TITLE = 			{Interpretation fonctionelle et elimination des coupures dans l'aritmetique d'ordre superieur},
	URL = 				{https://api.semanticscholar.org/CorpusID:117631778},
	YEAR = 				{1972}
}

@Article{Girard1987,
	AUTHOR = 			{Girard, Jean-Yves},
	DOI = 				{10.1016/0304-3975(87)90045-4},
	ISSN = 				{0304-3975},
	JOURNAL = 			{Theoretical Computer Science},
	NUMBER = 			{1},
	PAGES = 			{1--101},
	TITLE = 			{Linear logic},
	VOLUME = 			{50},
	YEAR = 				{1987}
}

@Article{GreenEtAl2013,
	ACMID = 			{2462177},
	ADDRESS = 			{New York, NY, USA},
	AUTHOR = 			{
							Green, Alexander S. and 
							Lumsdaine, Peter LeFanu and 
							Ross, Neil J. and 
							Selinger, Peter and 
							Valiron, Benoît
						},
	DOI = 				{10.1145/2499370.2462177},
	ISSN = 				{0362-1340},
	ISSUE_DATE = 		{June 2013},
	JOURNAL = 			{SIGPLAN Not.},
	MONTH = 			{06},
	NUMBER = 			{6},
	NUMPAGES = 			{10},
	PAGES = 			{333--342},
	PUBLISHER = 		{Association for Computing Machinery},
	TITLE = 			{Quipper: A Scalable Quantum Programming Language},
	VOLUME = 			{48},
	YEAR = 				{2013}
}

@InProceedings{Grover1996,
	ADDRESS = 			{New York, NY, USA},
	AUTHOR =			{Grover, Lov K.},
	BOOKTITLE =			{Proceedings of the Twenty-Eighth Annual ACM Symposium on Theory of Computing},
	DOI = 				{10.1145/237814.237866},
	ISBN = 				{0897917855},
	LOCATION = 			{Philadelphia, Pennsylvania, USA},
	NUMPAGES = 			{8},
	PAGES = 			{212--219},
	PUBLISHER = 		{Association for Computing Machinery},
	SERIES = 			{STOC '96},
	TITLE =				{A Fast Quantum Mechanical Algorithm for Database Search},
	YEAR =				{1996}
}

@Article{Kleene1945, 
	AUTHOR =			{Kleene, S. C.}, 
	DOI =				{10.2307/2269016}, 
	JOURNAL =			{Journal of Symbolic Logic}, 
	NUMBER =			{4}, 
	PAGES =				{109--124},
	PUBLISHER =			{Cambridge University Press}, 
	TITLE =				{On the interpretation of intuitionistic number theory}, 
	VOLUME =			{10}, 
	YEAR =				{1945}
}

@InProceedings{Knill1996,
	ARCHIVEPREFIX = 	{arXiv},
	AUTHOR =			{Knill, Emanuel},
	EPRINT = 			{quant-ph/9610012},
	MONTH =				{10},
	REPORTNUMBER =		{LA-UR-96-2186},
	TITLE =				{Quantum Randomness and Nondeterminism},
	YEAR =				{1996}
}

@Article{PaganiSelingerValiron2014,
	ADDRESS =	 		{New York, NY, USA},
	AUTHOR = 			{
							Pagani, Michele and 
							Selinger, Peter and 
							Valiron, Benoît
						},
	DOI = 				{10.1145/2578855.2535879},
	ISSN = 				{0362-1340},
	ISSUE_DATE = 		{January 2014},
	JOURNAL = 			{SIGPLAN Not.},
	MONTH = 			{01},
	NOTE = 				{[en línea][Consulta: agosto de 2025]},
	NUMBER =			{1},
	NUMPAGES = 			{12},
	PAGES = 			{647--658},
	PUBLISHER = 		{Association for Computing Machinery},
	TITLE = 			{Applying quantitative semantics to higher-order quantum computing},
	VOLUME = 			{49},
	YEAR = 				{2014}
}

@InProceedings{PaykinRandZdancewic2017,
	ADDRESS = 			{New York, NY, USA},
	AUTHOR = 			{
							Paykin, Jennifer and 
							Rand, Robert and 
							Zdancewic, Steve
						},
	BOOKTITLE = 		{Proceedings of the 44th ACM SIGPLAN Symposium on Principles of Programming Languages},
	DOI = 				{10.1145/3009837.3009894},
	ISBN = 				{9781450346603},
	LOCATION = 			{Paris, France},
	NUMPAGES = 			{13},
	PAGES = 			{846--858},
	PUBLISHER = 		{Association for Computing Machinery},
	SERIES = 			{POPL '17},
	TITLE = 			{QWIRE: a core language for quantum circuits},
	YEAR = 				{2017},
}

@Book{Pierce2002,
	AUTHOR = 			{Pierce, Benjamin C.},
	EDITION = 			{1st},
	ISBN = 				{0262162091},
	PUBLISHER = 		{The MIT Press},
	TITLE = 			{Types and Programming Languages},
	YEAR = 				{2002}
}

@Article{ProcopioEtAl2015,
	AUTHOR =			{
							Procopio, Lorenzo M. and
							Moqanaki, Amir and
							Ara\'ujo, Mateus and
							Costa, Fabio and
							Calafell, Irati Alonso and
							Dowd, Emma G. and
							Hamel, Deny R. and
							Rozema, Lee A. and
							Brukner, {\v C}aslav and
							Walther, Philip
						},
	DAY = 				{07},
	DOI = 				{10.1038/ncomms8913},
	ISSN = 				{2041-1723},
	JOURNAL =			{Nature communications},
	MONTH = 			{08},
	NUMBER = 			{1},
	PAGES =				{7913},
	TITLE =				{Experimental superposition of orders of quantum gates},
	VOLUME =			{6},
	YEAR =				{2015}
}

@Article{RubinoEtAl2017,
	AUTHOR = 			{
							Rubino, Giulia and
							Rozema, Lee A. and
							Feix, Adrien and
							Ara\'ujo, Mateus and
							Zeuner, Jonas M. and
							Procopio, Lorenzo M. and
							Brukner, {\v C}aslav and
							Walther, Philip
						},
	DOI = 				{10.1126/sciadv.1602589},
	JOURNAL = 			{Science advances},
	NUMBER = 			{3},
	PAGES = 			{e1602589},
	TITLE = 			{Experimental verification of an indefinite causal order},
	VOLUME = 			{3},
	YEAR = 				{2017}
}

@Article{Selinger2004, 
	AUTHOR =			{Selinger, Peter}, 
	DOI =				{10.1017/s0960129504004256}, 
	JOURNAL =			{Mathematical Structures in Computer Science}, 
	NUMBER =			{4}, 
	PAGES =				{527--586},
	PUBLISHER =			{Cambridge University Press}, 
	TITLE =				{Towards a quantum programming language}, 
	VOLUME =			{14}, 
	YEAR =				{2004}
}

@Article{Selinger2008,
	AUTHOR = 			{Selinger, Peter},
	DOI = 				{10.48550/arXiv.0804.3434},
	EPRINT = 			{0804.3434},
	EPRINTTYPE = 		{arXiv},
	JOURNAL = 			{CoRR},
	TITLE = 			{Lecture notes on the lambda calculus},
	URL = 				{http://arxiv.org/abs/0804.3434},
	VOLUME = 			{abs/0804.3434},
	YEAR = 				{2008}
}

@InBook{SelingerValiron2009, 
	AUTHOR =			{
							Selinger, Peter and 
							Valiron, Benoît
						}, 
	BOOKTITLE =			{Semantic Techniques in Quantum Computation}, 
	DOI =				{10.1017/CBO9781139193313.005},
	EDITOR = 			{Gay, Simon and Mackie, IanEditors},
	PAGES =				{135--172},
	PLACE =				{Cambridge}, 
	PUBLISHER =			{Cambridge University Press}, 
	TITLE =				{Quantum Lambda Calculus}, 
	YEAR =				{2009}
}

@InProceedings{Shor1994,
	AUTHOR =			{Shor, P.W.},
	BOOKTITLE =			{Proceedings 35th Annual Symposium on Foundations of Computer Science},
	DOI =				{10.1109/SFCS.1994.365700},
	MONTH =				{11},
	PAGES =				{124--134},
	TITLE =				{Algorithms for quantum computation: discrete logarithms and factoring},
	YEAR =				{1994}
}

@Book{SorensenUrzyczyn2006,
	ADDED-AT = 			{2020-07-23T21:57:39.000+0200},
	ADDRESS = 			{Amsterdam; Oxford},
	AUTHOR = 			{
							Sørensen, Morten Heine B. and 
							Urzyczyn, Pawel
						},
	ISBN = 				{9780444520777},
	PUBLISHER = 		{Elsevier},
	REFID = 			{1171193011},
	TITLE = 			{Lectures on the Curry-Howard Isomorphism},
	YEAR = 				{2006}
}

@Article{Turing1937,
	AUTHOR =        	{Turing, Alan M.},
	DOI =           	{10.1112/plms/s2-42.1.230},
	EPRINT =        	{https://academic.oup.com/plms/article-pdf/s2-42/1/230/4317544/s2-42-1-230.pdf},
	ISSN =          	{0024-6115},
	JOURNAL =       	{Proceedings of the London Mathematical Society},
	MONTH =         	{01},
	NUMBER =        	{1},
	PAGES =         	{230--265},
	TITLE =         	{{On Computable Numbers, with an Application to the Entscheidungsproblem}},
	VOLUME =        	{s2-42},
	YEAR =          	{1937}
}

@Article{Zorzi2016,
	AUTHOR = 			{Zorzi, Margherita},
	DOI = 				{10.1017/S0960129514000425},
	JOURNAL = 			{Mathematical Structures in Computer Science},
	MONTH = 			{11},
	NUMBER =			{7},
	PAGES = 			{1107--1195},
	TITLE = 			{On Quantum Lambda Calculi: a Foundational Perspective},
	VOLUME = 			{26},
	YEAR = 				{2016}
}

@Misc{DiazcaroMalherbeRomero2024,
	AUTHOR =			{
							Díaz-Caro, Alejandro and
							Malherbe, Octavio and
							Romero, Rafael
						},
	HOWPUBLISHED = 		{Tesis doctoral en curso},
	NOTE = 				{Poster en QPL 2024},
	TITLE =				{A multiple-basis quantum lambda calculus},
	YEAR =				{2024}
}

@InBook{ejemploRefVeganismo,
  author    = {ESPACIO MÉX.},
  title     = {Veganismo: 'El movimiento de cambio social más rápido en la historia de la humanidad'},
  year      = {2022},
  url       = {https://espaciomex.com/sociedad/veganismo-el-movimiento-de-cambio-social-mas-rapido-en-la-historia-de-la-humanidad/},
  urldate   = {2022-06-08}
}